<record xmlns="http://www.loc.gov/MARC21/slim" xmlns:xsi="http://www.w3.org/2001/XMLSchema-instance" xsi:schemaLocation="http://www.loc.gov/MARC21/slim http://www.loc.gov/standards/marcxml/schema/MARC21slim.xsd"><leader>     nam a22        4500</leader><controlfield tag="001">1676597</controlfield><controlfield tag="003">NIC</controlfield><controlfield tag="006">m        d        </controlfield><controlfield tag="007">cr cn |||m|||a</controlfield><controlfield tag="008">150323m19749999ir a    o     000 0 araod</controlfield><datafield ind1=" " ind2=" " tag="040"><subfield code="a">NNU</subfield><subfield code="b">eng</subfield><subfield code="e">rda</subfield><subfield code="c">NNU</subfield></datafield><datafield ind1="0" ind2=" " tag="041"><subfield code="a">ara</subfield><subfield code="a">fre</subfield><subfield code="a">per</subfield></datafield><datafield ind1="1" ind2=" " tag="100"><subfield code="6">880-01</subfield><subfield code="a">A&#772;muli&#772;, H&#803;aydar ibn &#699;Ali&#772;,</subfield><subfield code="d">-1320 or 1321.</subfield></datafield><datafield ind1="1" ind2="3" tag="245"><subfield code="6">880-02</subfield><subfield code="a">Al-Muqaddama&#772;t min Kita&#772;b nas&#803;s&#803; al-nus&#803;u&#772;s&#803; :</subfield><subfield code="b">fi&#772; sharh&#803; Fus&#803;u&#772;s&#803; al-h&#803;ikam li-Muh&#803;yi&#772; al-Di&#772;n Ibn al-&#699;Arabi&#772; /</subfield><subfield code="c">az tas&#803;ni&#772;fa&#772;t-i Sayyid Haydar A&#772;muli&#772; ; ba&#772; tas&#803;h&#803;i&#772;h&#803;a&#772;t va du muqaddamah va fihristha&#772; [az] Hinri&#772; Kurbi&#772;n va &#699;Us&#818;ma&#772;n Isma&#772;&#699;i&#772;l Yah&#803;ya&#769;.</subfield></datafield><datafield ind1="3" ind2=" " tag="246"><subfield code="6">880-03</subfield><subfield code="a">Nas&#803;s&#803; al-nus&#803;u&#772;s&#803;</subfield></datafield><datafield ind1="3" ind2=" " tag="246"><subfield code="a">Texte des textes</subfield></datafield><datafield ind1=" " ind2=" " tag="260"><subfield code="6">880-04</subfield><subfield code="a">Tihra&#772;n :</subfield><subfield code="b">Insti&#772;tu&#772; I&#772;ra&#772;n va Fara&#772;nsah-i Pizhu&#772;hishha&#772;-yi &#699;Ilmi&#772;,</subfield><subfield code="c">1352- [1974]-</subfield></datafield><datafield ind1=" " ind2=" " tag="300"><subfield code="a">online resource (volumes) :</subfield><subfield code="b">illustrations</subfield></datafield><datafield ind1=" " ind2=" " tag="336"><subfield code="a">text</subfield><subfield code="2">rdacontent</subfield></datafield><datafield ind1=" " ind2=" " tag="337"><subfield code="a">computer</subfield><subfield code="2">rdamedia</subfield></datafield><datafield ind1=" " ind2=" " tag="338"><subfield code="a">online resource</subfield><subfield code="2">rdacarrier</subfield></datafield><datafield ind1="1" ind2=" " tag="490"><subfield code="a">Bibliothe&#769;que iranienne ;</subfield><subfield code="v">22</subfield></datafield><datafield ind1=" " ind2=" " tag="500"><subfield code="a">Title on added t.p.: Le texte des textes.</subfield></datafield><datafield ind1=" " ind2=" " tag="500"><subfield code="a">Text in Arabic with introductions in French and Persian.</subfield></datafield><datafield ind1=" " ind2=" " tag="500"><subfield code="a">Part of the Arabic Collections Online (ACO) project, contributed by Cornell University Libraries.</subfield></datafield><datafield ind1=" " ind2=" " tag="533"><subfield code="a">Electronic reproduction.</subfield><subfield code="b">New York, N.Y. :</subfield><subfield code="c">New York University,</subfield><subfield code="d">2015.</subfield><subfield code="5">NNU</subfield></datafield><datafield ind1="0" ind2="0" tag="600"><subfield code="6">880-05</subfield><subfield code="a">Ibn al-&#699;Arabi&#772;,</subfield><subfield code="d">1165-1240.</subfield><subfield code="t">Fus&#803;u&#772;s&#803; al-h&#803;ikam.</subfield></datafield><datafield ind1="0" ind2="7" tag="630"><subfield code="a">Fus&#803;u&#772;s&#803; al-h&#803;ikam (Ibn al-&#699;Arabi&#772;)</subfield><subfield code="2">fast</subfield><subfield code="0">(OCoLC)fst01371634</subfield></datafield><datafield ind1="1" ind2=" " tag="700"><subfield code="a">Corbin, Henry.</subfield></datafield><datafield ind1="1" ind2=" " tag="700"><subfield code="6">880-06</subfield><subfield code="a">Yah&#803;ya&#769;, &#699;Uthma&#772;n Isma&#772;&#699;i&#772;l.</subfield></datafield><datafield ind1="2" ind2=" " tag="710"><subfield code="a">Cornell University.</subfield><subfield code="b">Libraries.</subfield></datafield><datafield ind1="0" ind2=" " tag="730"><subfield code="a">Arabic Collections Online.</subfield></datafield><datafield ind1="0" ind2="8" tag="776"><subfield code="i">Print version:</subfield><subfield code="a">A&#772;muli&#772;, H&#803;aydar ibn &#699;Ali&#772;, -1320 or 1321.</subfield><subfield code="t">Al-Muqaddama&#772;t min Kita&#772;b nas&#803;s&#803; al-nus&#803;u&#772;s&#803;</subfield><subfield code="w">(NIC)1676597</subfield><subfield code="w">(OCoLC)18251165</subfield></datafield><datafield ind1=" " ind2="0" tag="830"><subfield code="a">Bibliothe&#768;que iranienne ;</subfield><subfield code="v">22.</subfield></datafield><datafield ind1="4" ind2="0" tag="856"><subfield code="u">http://hdl.handle.net/2333.1/f1vhhptp</subfield></datafield><datafield ind1="1" ind2=" " tag="880"><subfield code="6">100-01</subfield><subfield code="a">&#1570;&#1605;&#1604;&#1609;&#1548; &#1581;&#1609;&#1583;&#1585; &#1576;&#1606; &#1593;&#1604;&#1609;&#1548;</subfield><subfield code="d">-1320 or 1321.</subfield></datafield><datafield ind1="1" ind2="2" tag="880"><subfield code="6">245-02</subfield><subfield code="a">&#1575;&#1604;&#1605;&#1602;&#1583;&#1605;&#1575;&#1578; &#1605;&#1606; &#1705;&#1578;&#1575;&#1576; &#1606;&#1589; &#1575;&#1604;&#1606;&#1589;&#1608;&#1589; :</subfield><subfield code="b">&#1601;&#1609; &#1588;&#1585;&#1581; &#1601;&#1589;&#1608;&#1589; &#1575;&#1604;&#1581;&#1705;&#1605; &#1604;&#1605;&#1581;&#1609;&#1609; &#1575;&#1604;&#1583;&#1609;&#1606; &#1575;&#1576;&#1606; &#1575;&#1604;&#1593;&#1585;&#1576;&#1609; /</subfield><subfield code="c">&#1575;&#1586; &#1578;&#1589;&#1606;&#1609;&#1601;&#1575;&#1578; &#1587;&#1610;&#1583; &#1581;&#1609;&#1583;&#1585; &#1570;&#1605;&#1604;&#1609; &#1563; &#1576;&#1575; &#1578;&#1589;&#1581;&#1609;&#1581;&#1575;&#1578; &#1608; &#1583; &#1605;&#1602;&#1583;&#1605;&#1607; &#1608; &#1601;&#1607;&#1585;&#1587;&#1579;&#1575; [&#1575;&#1586;] &#1607;&#1606;&#1585;&#1609; &#1705;&#1585;&#1576;&#1609;&#1606; &#1608; &#1593;&#1579;&#1605;&#1575;&#1606; &#1575;&#1587;&#1605;&#1575;&#1593;&#1609;&#1604; &#1609;&#1581;&#1609;&#1609;.</subfield></datafield><datafield ind1="3" ind2=" " tag="880"><subfield code="6">246-03</subfield><subfield code="a">&#1606;&#1589; &#1575;&#1604;&#1606;&#1589;&#1608;&#1589;</subfield></datafield><datafield ind1=" " ind2=" " tag="880"><subfield code="6">260-04</subfield><subfield code="a">&#1578;&#1607;&#1585;&#1575;&#1606; :</subfield><subfield code="b">&#1575;&#1606;&#1587;&#1578;&#1609;&#1578;&#1608; &#1575;&#1610;&#1585;&#1575;&#1606; &#1608; &#1601;&#1585;&#1575;&#1606;&#1587;&#1607; &#1662;&#1688;&#1608;&#1607;&#1588;&#1607;&#1575;&#1609; &#1593;&#1575;&#1604;&#1605;&#1609;&#1548;</subfield><subfield code="c">1352 [1974]</subfield></datafield><datafield ind1="0" ind2="0" tag="880"><subfield code="6">600-05</subfield><subfield code="a">&#1575;&#1576;&#1606; &#1575;&#1604;&#1593;&#1585;&#1576;&#1610;&#1548;</subfield><subfield code="d">1165-1240.</subfield><subfield code="t">&#1601;&#1589;&#1608;&#1589; &#1575;&#1604;&#1581;&#1603;&#1605;.</subfield></datafield><datafield ind1="1" ind2=" " tag="880"><subfield code="6">700-06</subfield><subfield code="a">&#1609;&#1581;&#1609;&#1609;&#1548; &#1593;&#1579;&#1605;&#1575;&#1606; &#1575;&#1587;&#1605;&#1575;&#1593;&#1609;&#1604;.</subfield></datafield><datafield ind1=" " ind2=" " tag="959"><subfield code="a">NNU</subfield><subfield code="b">WEB</subfield><subfield code="c">GENI</subfield><subfield code="t">0</subfield><subfield code="m">Electronic access</subfield><subfield code="s">01</subfield></datafield><datafield ind1=" " ind2=" " tag="999"><subfield code="i">NIC_1676597</subfield><subfield code="o">(OCoLC)ocm18251165</subfield><subfield code="s">cornell_aco000309:jil.1</subfield><subfield code="e">(ERROR-880)</subfield><subfield code="s">cornell_aco000309:jil.1</subfield></datafield></record>